% This file was created with JabRef 2.10.
% Encoding: UTF8
@BOOK{crocker98,
	AUTHOR = {Crocker, Malcolm J. (ed.)},
	YEAR = {1998},
	TITLE = {Handbook of Acoustics},
	EDITION = {},
	ISBN = {978-0-471-25293-1},
	PUBLISHER = {John Wiley & Sons},
	ADDRESS = {New York},
}

@Book{chorus_parameters,
  Title                    = {Dictionnaire encyclopédique du son},
  Address                  = {},
  Author                   = {Pierre-Louis de Nanteuil},
  ISBN                     = {2100536745, 9782100536740},
  Publisher                = {Dunod},
  Year                     = {2008},

  Edition                  = {.},

  Owner                    = {Mohamed Gabr},
  Timestamp                = {14.02.2017}
}

@Book{distortion_clipping,
	Title                    = {The Sound Reinforcement Handbook},
	Address                  = {},
	Author                   = { Gary Davis, Gary D. Davis},
	ISBN                     = {0-88188-900-8},
	Publisher                = {Hal Leonard},
	Year                     = {1989},
	
	Edition                  = {.},
	
	Owner                    = {Mohamed Gabr},
	Timestamp                = {14.02.2017}
}


@Book{distortion_softhardclipping,
	Title                    = {Electronics for Guitarists},
	Address                  = {},
	Author                   = { Denton J. Dailey},
	ISBN                     = {1441995366, 9781441995360},
	Publisher                = {Springer},
	Year                     = {2011},
	
	Edition                  = {.},
	
	Owner                    = {Mohamed Gabr},
	Timestamp                = {14.02.2017}
}

@Book{DAFX,
	Title                    = {DAFX Digital Audio Effects},
	Address                  = {},
	Author                   = {Udo Zölzer},
	ISBN                     = {0-471-49078-4},
	Publisher                = {John Wiley and sons, LTD},
	Year                     = {2005},
	
	Edition                  = {.},
	
	Owner                    = {Sebastian Schiøler},
	Timestamp                = {17.03.2017}
}