% Encoding: UTF-8

@Manual{Datablad,
  Title                    = {Titel},
  Author                   = {Datablad},
  Publisher                = {Udgivet af},
  Year                     = {Ã…r},
  Revision                 = {Revisionsnummer},
 Url                      = {url},
  Owner                    = {Jakob},
  Timestamp                = {2015.09.11}
}



@Manual{seas33,
  Title                    = {33 F-WKA and /DD},
  Author                   = {SEAS},
  Publisher                = {SEAS},
  Year                     = {1985},
  Revision                 = {4.21.A},
Url                      = {http://en.toutlehautparleur.com/media/catalog/product/datasheet/seas/33F-WKA_DD-8.pdf},
  Owner                    = {Jonas},
  Timestamp                = {2018.03.06}
}


@Manual{KS28,
  Title                    = {KS28 REFERENCE SUBWOOFER},
  Author                   = {L-Acoustics},
  Publisher                = {L-Acoustics},
  Year                     = {2016},
  Revision                 = {1.0},
Url                      = {http://www.l-acoustics.com/admin/product_files/KS28_SPS_EN_1.0.pdf},
  Owner                    = {Jonas},
  Timestamp                = {2018.03.07}
}

@Manual{ET250-3D,
  Title                    = {Outline ET250-3D},
  Author                   = {Outline},
  Publisher                = {Outline},
  Year                     = {2017},
  Revision                 = {170307},
Url                      = {http://outline.it/download/Documents/Manuals/Strumenti%20di%20misura/ET250-3D_Manual.pdf},
  Owner                    = {Jonas},
  Timestamp                = {2018.05.14}
}

