% This file was created with JabRef 2.10.
% Encoding: UTF8

@Manual{Standard,
  Title                    = {Titel},
  Author                   = {Standard},
  Publisher                = {Udgivet af},
  Year                     = {År},

  Institution              = {Forfatterens institution},
  Lastvisit                = {Linket er sidst besøgt: dd mmm åååå},
  Revision                 = {Revision},
  Url                      = {Link},

  Owner                    = {Jakob},
  Timestamp                = {2015.09.11}
}

@Manual{GPSstandard,
  Title                    = {GPS Standard Positioning Service Performance Standard},
  Author                   = {{Department of Defense}},
  Publisher                = {Office of the Secretary of Defense},
  Year                     = {2008},

  Institution              = {GPS Navstar},
  Lastvisit                = {8 March 2016},
  Revision                 = {4th Edition},
  Url                      = {http://www.gps.gov/technical/ps/2008-SPS-performance-standard.pdf},

  Owner                    = {Jakob}
}
