% This file was created with JabRef 2.10.
% Encoding: UTF8


@Article{Videnskabeligartikel,
  Title                    = {Titel},
  Author                   = {{Videnskabelig artikel}},
  Issue                    = {Nummer},
  Journal                  = {Tidskrift},
  Pages                    = {Sider},
  Volume                   = {Årgang},
  Year                     = {År},

  HowPublished             = {Hvis det er en online artikel skrives der "online" her.},
  Institution              = {Forfatterens universitet hvis dette er entydigt.},
  Lastvisit                = {Sidste besøg af link i dette format: dd mmm åååå},
  Url                      = {Link},

  Owner                    = {Jakob},
  Timestamp                = {2015.09.11}
}

@Article{mueller01,
  Title                    = {Transfer-Function Measurement with Sweeps, Director’s Cut Including Previously Unreleased Material
and some Corrections},
  Author                   = {M\"uller, Swen and Massarani, Paulo},
HowPublished               = {online},
  Year                     = {2001},

}



@Article{jacobsenetal,
  Title                    = {A Note on the Concept of Acoustic Center},
  Author                   = {Jacobsen, Finn and Figueroa, Salvador Barrera and Rasmussen, Knud},
  Issue                    = {4},
  Journal                  = {J. Acoust. Soc. Am.},
  Pages                    = {1468-1473},
  Volume                   = {115},
  Year                     = {2004},

  Owner                    = {Christoph},
  Timestamp                = {2018.02.27}
}

@Article{vanderkooy10,
  Title                    = {The Low-Frequency Acoustic Centre: Measurement, Theory and Application},
  Author                   = {Vanderkooy, John},
  Journal                  = {Convention Paper 7992, 128th Convention of the AES, London, May 22-25},
  Year                     = {2010},

  Owner                    = {Christoph},
  Timestamp                = {2018.03.07}
}



@Article{fdtddaga,
  Title                    = {A Three-Dimensional Acoustic Simulation for the Development and Evaluation of Active Noise Control System using the FDTD Method},
  Author                   = {C. Kleinhenrick, A. Niepenberg, T. Weigler and D. Karhe},
  Issue                    = {NAG/DAGA},
  Journal                  = {Tidskrift},
  Pages                    = {584-587},
  Year                     = {2009},

  HowPublished             = {Online},
  Lastvisit                = {09.03.2018},
  Url                      = {http://pub.dega-akustik.de/NAG_DAGA_2009/data/articles/000505.pdf},

  Owner                    = {Jonas},
  Timestamp                = {2018.03.09}
}


@Article{finiteproblems,
  Title                    = {Finite-difference time-domain simulation of low-frequency room acoustic problems},
  Author                   = {D. Botteldoore},
  Journal                  = {Tidskrift},
  Pages                    = {7},
  Year                     = {1995},

  HowPublished             = {online},
  Institution              = {Departmen ot fInformation Technology, Acoustics Group, University of Gent, 9000 Gent, Belgium},
  Lastvisit                = {09.03.2018},
  Url                      = {https://asa.scitation.org/doi/pdf/10.1121/1.413817},

  Owner                    = {Jonas},
  Timestamp                = {2018.03.09}
}


@Article{FDTDmodelling,
  Title                    = {FDTD modelling of frequency dependent boundary conditions for room acoustics},
  Author                   = {H. Jeong and Y. Wai Lam},
  Journal                  = {Tidskrift},
  Pages                    = {7},
  Year                     = {2000},

  HowPublished             = {online},
  Institution              = {Acoustics Research Centre, University of Salford, Salford M5 4WT, UK},
  Lastvisit                = {16.03.2018},
  Url                      = {https://www.researchgate.net/publication/265818356_FDTD_modelling_of_frequency_dependent_boundary_conditions_for_room_acoustics},

  Owner                    = {Jonas},
  Timestamp                = {2018.03.09}
}

@Article{genetic_survey,
  Title                    = {Genetic Algorithms: A Survey},
  Author                   = {Srinivas, M. and Patnaik, Lalit M.},
  Issue                    = {6},
  Journal                  = {Computer},
  Pages                    = {17-26},
  Volume                   = {27},
  Year                     = {1994},


  Url                      = {http://ieeexplore.ieee.org/document/294849/},

  Owner                    = {Christoph},
  Timestamp                = {2018.03.19}
}


@Article{FDTDtransparent,
  Title                    = {Implementation of transparent sources embedded in acoustic finite-difference time-domain grids},
  Author                   = {John B. Schneider, Christopher L. Wagner and Shira L. Broschat},
  Journal                  = {Tidskrift},
  Pages                    = {7},
  Year                     = {1997},

  HowPublished             = {online},
  Institution              = {School of Electrical Engineering and Computer Science, Washington State University, Pullman, Washington 99164-2752},
  Lastvisit                = {03.04.2018},

  Owner                    = {Jonas},
  Timestamp                = {2018.04.03}
}

@Article{tournament,
  Title                    = {Genetic Algorithms, Tournament Selection and the Effects of Noise},
  Author                   = {Miller, Brad L. and Goldberg, David E.},
  Journal                  = {IlliGAL Report},
  Volume                   = {No. 95006},
  Year                     = {1995},

  Owner                    = {Christoph},
  Timestamp                = {2018.04.04}
}