% This file was created with JabRef 2.10.
% Encoding: UTF8

@Manual{Standard,
  Title                    = {Titel},
  Author                   = {Standard},
  Publisher                = {Udgivet af},
  Year                     = {År},

  Institution              = {Forfatterens institution},
  Lastvisit                = {Linket er sidst besøgt: dd mmm åååå},
  Revision                 = {Revision},
  Url                      = {Link},

  Owner                    = {Jakob},
  Timestamp                = {2015.09.11}
}

@Manual{GPSstandard,
  Title                    = {GPS Standard Positioning Service Performance Standard},
  Author                   = {{Department of Defense}},
  Publisher                = {Office of the Secretary of Defense},
  Year                     = {2008},

  Institution              = {GPS Navstar},
  Lastvisit                = {8 March 2016},
  Revision                 = {4th Edition},
  Url                      = {http://www.gps.gov/technical/ps/2008-SPS-performance-standard.pdf},

  Owner                    = {Jakob}
}
@Manual{ansis1.1,
  Title                    = {\textup{American National Standard}, Acoustical Terminology},
  Author                   = {{ANSI S1.1}},
  Year                     = {2013},


  Owner                    = {Christoph},
  Timestamp                = {2018.02.27}
}

@Manual{pep8,
  Title                    = {PEP 8 -- Style Guide for Python Code},
  Author                   = {van Rossum, Guido and Warsaw, Barry and Coghlan, Nick},

  Year                     = {2013},

  Url                      = {https://www.python.org/dev/peps/pep-0008/},

  Owner                    = {ck}
}