% Encoding: UTF-8

@Techreport{Tekniskrapport,
  Title                    = {Titel},
  Author                   = {{Teknisk rapport}},
  Publisher                = {Udgivet af},
  Year                     = {År},

  Address                  = {Udgivelsessted},
  HowPublished             = {Hvis rapporten kun er tilgængelig online skrives der "online" her.},
  Lastvisit                = {Sidste besøg af webadressen i dette format: dd mmm åååå},
  Pages                    = {Hvis der kun er brugt nogle specifikke sider skrives det her.},
  Url                      = {Link},

  Owner                    = {Jakob},
  Timestamp                = {2015.09.11}
}

@Misc{GoTpage,
  Title                    = {Setting up a satellite system},
  Author                   = {{Games on Track}},
  Lastvisit                = {14 September 2016},
  Publisher                = {GamesOnTrack A/S},
  HowPublished             = {Online},
  Url                      = {http://www.masterpiece.dk/UploadetFiles/10495/25/Ops_t_satellit_systemet__UK-DE-DK-rev(1).pdf},
  Year                     = {2014},

  Owner                    = {Jakob},
  Address                  = {Holstebro, Denmark}
}
